@book{nets,
    title = {Компьютерные сети},
    author = {Таненбаум Э С},
    year = {2012},
    isbn = {9785459003420},
    publisher = {Питер}
}
